@article{williams2017hybrid,
  title={Hybrid Code Networks: practical and efficient end-to-end dialog control with supervised and reinforcement learning},
  author={Williams, Jason D and Asadi, Kavosh and Zweig, Geoffrey},
  journal={arXiv preprint arXiv:1702.03274},
  year={2017}
}

@article{
马晓军-1,
   Author = {马晓军},
   Title = {全媒体交互中心及其大数据分析的研究},
   Journal = {电信科学},
   Volume = {30},
   Number = {Z2},
   Pages = {82-89},
   Year = {2017} }

@inproceedings{
Green-2,
   Author = {Green Jr, Bert F. and Wolf, Alice K. and Chomsky, Carol and Laughery, Kenneth},
   Title = {Baseball: an automatic question-answerer},
   Publisher = {ACM},
   Pages = {219-224},
   Year = {1961} }

@inproceedings{
Woods-3,
   Author = {Woods, William A.},
   Title = {Progress in natural language understanding: an application to lunar geology},
   Publisher = {ACM},
   Pages = {441-450},
   Year = {1973} }

@inproceedings{dang2007overview,
  title={Overview of the TREC 2007 Question Answering Track.},
  author={Dang, Hoa Trang and Kelly, Diane and Lin, Jimmy J},
  booktitle={Trec},
  volume={7},
  pages={63},
  year={2007}
}

@inproceedings{moldovan2001logic,
  title={Logic form transformation of wordnet and its applicability to question answering},
  author={Moldovan, Dan I and Rus, Vasile},
  booktitle={Proceedings of the 39th Annual Meeting on Association for Computational Linguistics},
  pages={402--409},
  year={2001},
  organization={Association for Computational Linguistics}
}

@inproceedings{soubbotin2001patterns,
  title={Patterns of Potential Answer Expressions as Clues to the Right Answers.},
  author={Soubbotin, Martin M and Soubbotin, Sergei M},
  booktitle={TREC},
  year={2001}
}

@inproceedings{yang2002integration,
  title={The integration of lexical knowledge and external resources for question answering},
  author={Yang, Hui and Chua, Tat-Seng},
  booktitle={In the Proceedings of the Eleventh Text REtrieval Conference},
  year={2002}
}

@article{cho2014learning,
  title={Learning phrase representations using RNN encoder-decoder for statistical machine translation},
  author={Cho, Kyunghyun and Van Merri{\"e}nboer, Bart and Gulcehre, Caglar and Bahdanau, Dzmitry and Bougares, Fethi and Schwenk, Holger and Bengio, Yoshua},
  journal={arXiv preprint arXiv:1406.1078},
  year={2014}
}

@article{tan2017s,
  title={S-Net: From Answer Extraction to Answer Generation for Machine Reading Comprehension},
  author={Tan, Chuanqi and Wei, Furu and Yang, Nan and Lv, Weifeng and Zhou, Ming},
  journal={arXiv preprint arXiv:1706.04815},
  year={2017}
}

@article{lewis2017s,
  title={Deal or No Deal? End-to-End Learning for Negotiation Dialogues},
  author={Lewis, Mike and Yarats, Denis and Dauphin, Yann N. and Parikh, Devi and Batra, Dhruv},
  journal={arXiv preprint arXiv:1706.05125},
  year={2017}
}

@misc{911bot,
 author = {Klinger, Omri and Coreanu, Tomer and Landao, Hadar},
 title = {Facebook 911bot},
 howpublished = {\url{https://techcrunch.com/2016/05/08/911bot-is-a-chat-bot-that-could-save-your-life/}},
 year = {2016},
 note = {(Accessed On 1/7/2017 20:43)}
 },

@misc{alimi,
 author = {阿里巴巴},
 title = {ALIME},
 howpublished = {\url{http://alixiaomi.com/}},
 year = {},
 note = {(Accessed On 1/7/2017 20:35)}
 }

@misc{jimi,
 author = {京东尚科},
 title = {JD Instant Messaging intelligence},
 howpublished = {\url{http://help.jd.com/o/help/question-1024.html}},
 year = {2015},
 note = {(Accessed On 1/7/2017 20:30)}
 }

@misc{wangyiqiyu,
 author = {网易},
 title = {QIYUKF},
 howpublished = {\url{https://qiyukf.com/}},
 year = {2015},
 note = {(Accessed On 1/7/2017 20:39)}
 }

 @inproceedings{voorhees2000building,
  title={Building a question answering test collection},
  author={Voorhees, Ellen M and Tice, Dawn M},
  booktitle={Proceedings of the 23rd annual international ACM SIGIR conference on Research and development in information retrieval},
  pages={200--207},
  year={2000},
  organization={ACM}
}

@article{问题识别,
   Author = {张心泽},
   Title = {一种考虑抱怨问题路径的网络抱怨问题识别方法}
}

@article{hegenerating,
  title={Generating Natural Answers by Incorporating Copying and Retrieving Mechanisms in Sequence-to-Sequence Learning},
  author={He, Shizhu and Liu, Cao and Liu, Kang and Zhao, Jun}
}