% Encoding: UTF-8

@article{xinze2017svm,
  author    = {张心泽 and 蔡淑琴 and 罗思宇},
  title     = {基于支持向量机的在线负面口碑处理专家识别方法},
  journal   = {统计与决策},
  year      = {2017},
  volume    = {22},
  pages     = {79-83},
}

@article{xinze2017accounting,
  author    = {张心泽},
  title     = {账务智能处理中的会计机器代理研究},
  journal   = {华中科技大学},
  year      = {2017},
}

@article{cybenko1992approximation,
  title={Approximation by superpositions of a sigmoidal function},
  author={Cybenko, George},
  journal={Mathematics of Control, Signals, and Systems (MCSS)},
  volume={5},
  number={4},
  pages={455--455},
  year={1992},
  publisher={Springer}
}

@article{chen1995universal,
  title={Universal approximation to nonlinear operators by neural networks with arbitrary activation functions and its application to dynamical systems},
  author={Chen, Tianping and Chen, Hong},
  journal={IEEE Transactions on Neural Networks},
  volume={6},
  number={4},
  pages={911--917},
  year={1995},
  publisher={IEEE}
}

@article{lewis2017deal,
  title={Deal or no deal? end-to-end learning for negotiation dialogues},
  author={Lewis, Mike and Yarats, Denis and Dauphin, Yann N and Parikh, Devi and Batra, Dhruv},
  journal={arXiv preprint arXiv:1706.05125},
  year={2017}
}

@article{silver2017mastering,
  title={Mastering the game of go without human knowledge},
  author={Silver, David and Schrittwieser, Julian and Simonyan, Karen and Antonoglou, Ioannis and Huang, Aja and Guez, Arthur and Hubert, Thomas and Baker, Lucas and Lai, Matthew and Bolton, Adrian and others},
  journal={Nature},
  volume={550},
  number={7676},
  pages={354--359},
  year={2017},
  publisher={Nature Research}
}

@inproceedings{he2016powerful,
  title={A powerful generative model using random weights for the deep image representation},
  author={He, Kun and Wang, Yan and Hopcroft, John},
  booktitle={Advances in Neural Information Processing Systems},
  pages={631--639},
  year={2016}
}

@article{kwok1997objective,
  title={Objective functions for training new hidden units in constructive neural networks},
  author={Kwok, Tin-Yan and Yeung, Dit-Yan},
  journal={IEEE Transactions on neural networks},
  volume={8},
  number={5},
  pages={1131--1148},
  year={1997},
  publisher={IEEE}
}

@article{mahoney2011randomized,
  title={Randomized algorithms for matrices and data},
  author={Mahoney, Michael W and others},
  journal={Foundations and Trends{\textregistered} in Machine Learning},
  volume={3},
  number={2},
  pages={123--224},
  year={2011},
  publisher={Now Publishers, Inc.}
}

@article{scardapane2017randomness,
  author    = {Scardapane, Simone and Wang, Dianhui},
  title     = {Randomness in neural networks: an overview},
  journal   = {Wiley Interdisciplinary Reviews: Data Mining and Knowledge Discovery},
  year      = {2017},
  volume    = {7},
  number    = {2},
  publisher = {Wiley Online Library},
}

@article{cui2016high,
  author    = {Cui, Caihao and Wang, Dianhui},
  title     = {High dimensional data regression using Lasso model and neural networks with random weights},
  journal   = {Information Sciences},
  year      = {2016},
  volume    = {372},
  pages     = {505--517},
  publisher = {Elsevier},
}

@article{pao1992functional,
  author    = {Pao, Y-H and Takefuji, Yoshiyasu},
  title     = {Functional-link net computing: theory, system architecture, and functionalities},
  journal   = {Computer},
  year      = {1992},
  volume    = {25},
  number    = {5},
  pages     = {76--79},
  publisher = {IEEE},
}

@InProceedings{tyukin2009feasibility,
  author       = {Tyukin, Ivan Yu and Prokhorov, Danil V},
  title        = {Feasibility of random basis function approximators for modeling and control},
  booktitle    = {Control Applications,(CCA) \& Intelligent Control,(ISIC), 2009 IEEE},
  year         = {2009},
  pages        = {1391--1396},
  organization = {IEEE},
}

@article{gorban2016approximation,
  author    = {Gorban, Alexander N and Tyukin, Ivan Yu and Prokhorov, Danil V and Sofeikov, Konstantin I},
  title     = {Approximation with random bases: Pro et Contra},
  journal   = {Information Sciences},
  year      = {2016},
  volume    = {364},
  pages     = {129--145},
  publisher = {Elsevier},
}

@article{li2017insights,
  author    = {Li, Ming and Wang, Dianhui},
  title     = {Insights into randomized algorithms for neural networks: Practical issues and common pitfalls},
  journal   = {Information Sciences},
  year      = {2017},
  volume    = {382},
  pages     = {170--178},
  publisher = {Elsevier},
}

@Comment{jabref-meta: databaseType:bibtex;}
